<record><leader>00000cas a22000007a 4500</leader><controlfield tag="001">10426151</controlfield><controlfield tag="008">840217d186918uupaudn ne      0    0ger d</controlfield><controlfield tag="009">3781</controlfield><datafield ind1=" " ind2=" " tag="010"><subfield code="a">sn 84026411 </subfield></datafield><datafield ind1=" " ind2=" " tag="040"><subfield code="a">NPU</subfield><subfield code="b">eng</subfield><subfield code="c">NPU</subfield><subfield code="d">DLC</subfield><subfield code="d">NPH</subfield><subfield code="d">NPX</subfield></datafield><datafield ind1="1" ind2=" " tag="029"><subfield code="a">AU@</subfield><subfield code="b">000025783840</subfield></datafield><datafield ind1=" " ind2=" " tag="042"><subfield code="a">msc</subfield></datafield><datafield ind1="0" ind2="4" tag="245"><subfield code="a">Das Volksblatt.</subfield></datafield><datafield ind1="1" ind2="3" tag="246"><subfield code="a">Pittsburger Volksblatt</subfield></datafield><datafield ind1=" " ind2=" " tag="260"><subfield code="a">Pittsburgh [Pa.] :</subfield><subfield code="b">C.F. Bauer,</subfield><subfield code="c">1869-</subfield></datafield><datafield ind1=" " ind2=" " tag="300"><subfield code="a">v. ;</subfield><subfield code="c">65 cm.</subfield></datafield><datafield ind1=" " ind2=" " tag="310"><subfield code="a">Daily (except Sun.)</subfield></datafield><datafield ind1="0" ind2=" " tag="362"><subfield code="a">27. Apr. 1869-</subfield></datafield><datafield ind1=" " ind2=" " tag="500"><subfield code="a">Publisher: Pittsburg Volksblatt Co., &lt;Dec. 1871-1872&gt;.</subfield></datafield><datafield ind1=" " ind2=" " tag="515"><subfield code="a">Issues also numbered Jahrg. 10-</subfield></datafield><datafield ind1=" " ind2=" " tag="580"><subfield code="a">Had weekly edition called: Pittsburger Volksblatt. Cf. Arndt &amp; Olson.</subfield></datafield><datafield ind1=" " ind2=" " tag="580"><subfield code="a">Had a Sunday edition called: Allegheny-Bla&#776;tter (non-extant?).</subfield></datafield><datafield ind1=" " ind2=" " tag="752"><subfield code="a">United States</subfield><subfield code="b">Pennsylvania</subfield><subfield code="c">Allegheny</subfield><subfield code="d">Pittsburgh.</subfield></datafield><datafield ind1="1" ind2=" " tag="775"><subfield code="t">Pittsburger Volksblatt (Pittsburgh, Pa. : 1859 : Weekly)</subfield><subfield code="w">(DLC)sn 86081034</subfield></datafield><datafield ind1="1" ind2=" " tag="775"><subfield code="t">Allegheny-Bla&#776;tter</subfield></datafield><datafield ind1="0" ind2="0" tag="780"><subfield code="t">Pittsburger Volksblatt (Pittsburgh, Pa. : 1859 : Daily)</subfield><subfield code="w">(DLC)sn 86081245</subfield></datafield></record>